@article{mitra_gesture_2007,
	title = {Gesture recognition: A survey},
	volume = {37},
	shorttitle = {Gesture recognition},
	url = {http://ieeexplore.ieee.org/xpls/abs_all.jsp?arnumber=4154947},
	number = {3},
	urldate = {2012-10-29},
	journal = {Systems, Man, and Cybernetics, Part C: Applications and Reviews, {IEEE} Transactions on},
	author = {Mitra, S. and Acharya, T.},
	year = {2007},
	pages = {311-324},
	file = {Snapshot:/Users/permar/Library/Application Support/Firefox/Profiles/uepzkl8i.default/zotero/storage/K4I9SIMT/abs_all.html:text/html}
},

@inproceedings{mantyla_hand_2000,
	title = {Hand gesture recognition of a mobile device user},
	volume = {1},
	url = {http://ieeexplore.ieee.org/xpls/abs_all.jsp?arnumber=869596},
	urldate = {2012-10-29},
	booktitle = {Multimedia and Expo, 2000. {ICME} 2000. 2000 {IEEE} International Conference on},
	author = {Mantyla, V. M. and Mantyjarvi, J. and Seppanen, T. and Tuulari, E.},
	year = {2000},
	pages = {281-284},
	file = {Snapshot:/Users/permar/Library/Application Support/Firefox/Profiles/uepzkl8i.default/zotero/storage/XTJRSTFT/abs_all.html:text/html}
},

@phdthesis{tanguay_jr_hidden_1995,
	title = {Hidden markov models for gesture recognition},
	url = {http://my-thysis.googlecode.com/svn/Scientific%20Papers/meng.pdf},
	urldate = {2012-10-29},
	school = {Massachusetts Institute of Technology},
	author = {Tanguay Jr, D. O.},
	year = {1995},
	file = {Full Text:/Users/permar/Library/Application Support/Firefox/Profiles/uepzkl8i.default/zotero/storage/4A3Z2A9H/Tanguay Jr - 1995 - Hidden markov models for gesture recognition.pdf:application/pdf}
},

@article{bunke_off-line_1995,
	title = {Off-line cursive handwriting recognition using hidden Markov models},
	volume = {28},
	url = {http://www.sciencedirect.com/science/article/pii/003132039500013P},
	number = {9},
	urldate = {2012-10-29},
	journal = {Pattern recognition},
	author = {Bunke, H. and Roth, M. and Schukat-Talamazzini, E. G.},
	year = {1995},
	pages = {1399-1413},
	file = {Snapshot:/Users/permar/Library/Application Support/Firefox/Profiles/uepzkl8i.default/zotero/storage/BVQZPW75/003132039500013P.html:text/html}
},

@article{nielsen_noncommand_1993,
	title = {Noncommand user interfaces},
	volume = {36},
	url = {http://dl.acm.org/citation.cfm?id=153582},
	number = {4},
	urldate = {2012-10-29},
	journal = {Communications of the {ACM}},
	author = {Nielsen, J.},
	year = {1993},
	pages = {83-99},
	file = {Snapshot:/Users/permar/Library/Application Support/Firefox/Profiles/uepzkl8i.default/zotero/storage/4TK7S8MT/citation.html:text/html}
},

@inproceedings{yang_gesture_1994,
	title = {Gesture interface: Modeling and learning},
	shorttitle = {Gesture interface},
	url = {http://ieeexplore.ieee.org/xpls/abs_all.jsp?arnumber=351340},
	urldate = {2012-10-29},
	booktitle = {Robotics and Automation, 1994. Proceedings., 1994 {IEEE} International Conference on},
	author = {Yang, J. and Xu, Y. and Chen, C. S.},
	year = {1994},
	pages = {1747-1752},
	file = {Snapshot:/Users/permar/Library/Application Support/Firefox/Profiles/uepzkl8i.default/zotero/storage/TDNCSPR7/abs_all.html:text/html}
},

@article{zheng2002segmentation,
  title={The segmentation and identification of handwriting in noisy document images},
  author={Zheng, Y. and Li, H. and Doermann, D.},
  journal={Document Analysis Systems V},
  pages={95--105},
  year={2002},
  publisher={Springer}
}