@article{mitra_gesture_2007,
	title = {Gesture recognition: A survey},
	volume = {37},
	shorttitle = {Gesture recognition},
	url = {http://ieeexplore.ieee.org/xpls/abs_all.jsp?arnumber=4154947},
	number = {3},
	urldate = {2012-10-29},
	journal = {Systems, Man, and Cybernetics, Part C: Applications and Reviews, {IEEE} Transactions on},
	author = {Mitra, S. and Acharya, T.},
	year = {2007},
	pages = {311-324},
	file = {Snapshot:/Users/permar/Library/Application Support/Firefox/Profiles/uepzkl8i.default/zotero/storage/K4I9SIMT/abs_all.html:text/html}
},

@inproceedings{mantyla_hand_2000,
	title = {Hand gesture recognition of a mobile device user},
	volume = {1},
	url = {http://ieeexplore.ieee.org/xpls/abs_all.jsp?arnumber=869596},
	urldate = {2012-10-29},
	booktitle = {Multimedia and Expo, 2000. {ICME} 2000. 2000 {IEEE} International Conference on},
	author = {Mantyla, V. M. and Mantyjarvi, J. and Seppanen, T. and Tuulari, E.},
	year = {2000},
	pages = {281-284},
	file = {Snapshot:/Users/permar/Library/Application Support/Firefox/Profiles/uepzkl8i.default/zotero/storage/XTJRSTFT/abs_all.html:text/html}
},

@mastersthesis{tanguay_jr_hidden_1995,
	title = {Hidden markov models for gesture recognition},
	url = {http://my-thysis.googlecode.com/svn/Scientific%20Papers/meng.pdf},
	urldate = {2012-10-29},
	school = {Massachusetts Institute of Technology},
	author = {Tanguay Jr, D. O.},
	year = {1995},
	file = {Full Text:/Users/permar/Library/Application Support/Firefox/Profiles/uepzkl8i.default/zotero/storage/4A3Z2A9H/Tanguay Jr - 1995 - Hidden markov models for gesture recognition.pdf:application/pdf}
},

@article{bunke_off-line_1995,
	title = {Off-line cursive handwriting recognition using hidden Markov models},
	volume = {28},
	url = {http://www.sciencedirect.com/science/article/pii/003132039500013P},
	number = {9},
	urldate = {2012-10-29},
	journal = {Pattern recognition},
	author = {Bunke, H. and Roth, M. and Schukat-Talamazzini, E. G.},
	year = {1995},
	pages = {1399-1413},
	file = {Snapshot:/Users/permar/Library/Application Support/Firefox/Profiles/uepzkl8i.default/zotero/storage/BVQZPW75/003132039500013P.html:text/html}
},

@article{nielsen_noncommand_1993,
	title = {Noncommand user interfaces},
	volume = {36},
	url = {http://dl.acm.org/citation.cfm?id=153582},
	number = {4},
	urldate = {2012-10-29},
	journal = {Communications of the {ACM}},
	author = {Nielsen, J.},
	year = {1993},
	pages = {83-99},
	file = {Snapshot:/Users/permar/Library/Application Support/Firefox/Profiles/uepzkl8i.default/zotero/storage/4TK7S8MT/citation.html:text/html}
},

@inproceedings{yang_gesture_1994,
	title = {Gesture interface: Modeling and learning},
	shorttitle = {Gesture interface},
	url = {http://ieeexplore.ieee.org/xpls/abs_all.jsp?arnumber=351340},
	urldate = {2012-10-29},
	booktitle = {Robotics and Automation, 1994. Proceedings., 1994 {IEEE} International Conference on},
	author = {Yang, J. and Xu, Y. and Chen, C. S.},
	year = {1994},
	pages = {1747-1752},
	file = {Snapshot:/Users/permar/Library/Application Support/Firefox/Profiles/uepzkl8i.default/zotero/storage/TDNCSPR7/abs_all.html:text/html}
},

@inproceedings{starner1994line,
  title={On-line cursive handwriting recognition using speech recognition methods},
  author={Starner, T. and Makhoul, J. and Schwartz, R. and Chou, G.},
  booktitle={Acoustics, Speech, and Signal Processing, 1994. ICASSP-94., 1994 IEEE International Conference on},
  pages={V--125},
  year={1994},
  organization={IEEE}
},

@article{hong1998segmentation,
  title={Segmentation and recognition of continuous handwriting Chinese text},
  author={Hong, C. and Loudon, G. and Wu, Y. and Zitserman, R.},
  journal={International journal of pattern recognition and artificial intelligence},
  volume={12},
  number={02},
  pages={223--232},
  year={1998},
  publisher={World Scientific}
},

@techreport{lyddane_donald_united_2006,
	title = {United States Attorneys' Bulletin},
	url = {www.justice.gov/archive/olp/pdf/gangs.pdf},
	institution = {United States Department of Justice Executive Office for United States Attorneys},
	author = {{{Lyddane}, Donald}},
	month = may,
	year = {2006},
	pages = {63}
},

@inproceedings{groner_real-time_1966,
	title = {Real-time recognition of handprinted text},
	url = {http://dl.acm.org/citation.cfm?id=1464355},
	urldate = {2012-11-04},
	booktitle = {Proceedings of the November 7-10, 1966, fall joint computer conference},
	author = {Groner, G. F.},
	year = {1966},
	pages = {591â€“601},
	file = {Snapshot:/Users/permar/Library/Application Support/Firefox/Profiles/uepzkl8i.default/zotero/storage/IT5IVTKG/citation.html:text/html}
},

@inproceedings{wobbrock2007gestures,
  title = {Gestures without libraries, toolkits or training: a \$1 recognizer for user interface prototypes},
  author = {Wobbrock, J.O. and Wilson, A.D. and Li, Y.},
  booktitle = {Proceedings of the 20th annual ACM symposium on User interface software and technology},
  pages = {159--168},
  year = {2007},
  organization = {ACM}
}